%% LaTeX2e file `jobname.bib'
%% generated by the `filecontents' environment
%% from source `Ãœbung*6' on 2014/11/13.
%%
@book{author_book,
title = {Book's title},
author = {Author, Some},
location = {The City},
publisher = {Publisher},
date = {2005},
}
