       
@article{ Uebung6_Buch,
author = {Martin Jehle der 2.},
journal = {Nature},
title = {Uebung 6 Buch},
publisher = {Carlsen},
year = {2014},
}

@booklet{Uebung6_Booklet,
author = {Martin Jehle der 3.},
title = {Handbuch zum Handbuchen},
year = {2014},
}

@Book{Christiansen1980a,
author = {{ Saxo Grammaticus }},
title = { Books X , XI , XII and XIII },
location = { Oxford },
publisher = {Carlsen},
year = {1980},
gender = { sm },
series = { BAR International Series }, 
number = {84},
mainsubtitle = { Books X -- XVI },
maintitle = { Danorum Regum Heroumque Historia },
maintitleaddon = {
The text of the first edition with translation and commentary in three volumes },
translator = { Eric Christiansen},
}

